<record><leader>00000cas a2200000 a 4500</leader><controlfield tag="001">14970803</controlfield><controlfield tag="008">861215c19599999vtudr n a     0    0eng d</controlfield><datafield ind1=" " ind2=" " tag="010"><subfield code="a">sn 97067582 </subfield></datafield><datafield ind1=" " ind2=" " tag="040"><subfield code="a">VTU</subfield><subfield code="b">eng</subfield><subfield code="c">VTU</subfield><subfield code="d">NVN</subfield><subfield code="d">OCLCQ</subfield><subfield code="d">OCLCF</subfield><subfield code="d">OCLCO</subfield><subfield code="d">OCLCQ</subfield></datafield><datafield ind1=" " ind2=" " tag="043"><subfield code="a">n-us-vt</subfield></datafield><datafield ind1="0" ind2=" " tag="130"><subfield code="a">Times Argus (Barre, Vt.)</subfield></datafield><datafield ind1="1" ind2="4" tag="245"><subfield code="a">The Times Argus.</subfield></datafield><datafield ind1="1" ind2="3" tag="246"><subfield code="a">Barre-Montpelier times-Argus</subfield></datafield><datafield ind1="3" ind2="0" tag="246"><subfield code="a">Sunday Rutland herald and the Sunday times Argus</subfield><subfield code="f">&lt;Jan. 13, 1980&gt;-</subfield></datafield><datafield ind1=" " ind2=" " tag="260"><subfield code="a">Barre, Vt. :</subfield><subfield code="b">[A.C. Walker]</subfield></datafield><datafield ind1=" " ind2=" " tag="300"><subfield code="a">volumes :</subfield><subfield code="b">illustrations</subfield></datafield><datafield ind1=" " ind2=" " tag="310"><subfield code="a">Daily</subfield></datafield><datafield ind1=" " ind2=" " tag="321"><subfield code="a">Daily (except Sun.),</subfield><subfield code="b">1959-1979</subfield></datafield><datafield ind1=" " ind2=" " tag="336"><subfield code="a">text</subfield><subfield code="b">txt</subfield><subfield code="2">rdacontent</subfield></datafield><datafield ind1=" " ind2=" " tag="337"><subfield code="a">microform</subfield><subfield code="b">h</subfield><subfield code="2">rdamedia</subfield></datafield><datafield ind1=" " ind2=" " tag="338"><subfield code="a">microfilm reel</subfield><subfield code="b">hd</subfield><subfield code="2">rdacarrier</subfield></datafield><datafield ind1="1" ind2=" " tag="362"><subfield code="a">Vol. 63, no. 143 (Aug. 31, 1959)-</subfield></datafield><datafield ind1=" " ind2=" " tag="500"><subfield code="a">On Sunday published as: Sunday Rutland herald and the Sunday times Argus, &lt;Jan. 13, 1980&gt;-</subfield></datafield><datafield ind1=" " ind2=" " tag="500"><subfield code="a">Entered under: Barre times-Argus in Newspapers in microform, 1948-1983; Barre-Montpelier times-Argus in Ayer Directory, &lt;1967-&gt;.</subfield></datafield><datafield ind1=" " ind2=" " tag="500"><subfield code="a">Circulates also at Montpelier, Vt.</subfield></datafield><datafield ind1=" " ind2=" " tag="500"><subfield code="a">"Republican.; Independent Republican; Independent." Cf. Ayer 60, 64, 73.</subfield></datafield><datafield ind1=" " ind2=" " tag="580"><subfield code="a">Formed by the union of: Montpelier evening argus, and: Barre daily times.</subfield></datafield><datafield ind1=" " ind2=" " tag="533"><subfield code="a">Microfilm.</subfield><subfield code="b">Marlboro, Mass. :</subfield><subfield code="c">New England Micrographics,</subfield><subfield code="e">microfilm reel: negative; 35 mm.</subfield></datafield><datafield ind1=" " ind2="0" tag="651"><subfield code="a">Montpelier (Vt.)</subfield><subfield code="v">Newspapers.</subfield></datafield><datafield ind1=" " ind2="0" tag="651"><subfield code="a">Barre (Vt.)</subfield><subfield code="v">Newspapers.</subfield></datafield><datafield ind1=" " ind2="7" tag="651"><subfield code="a">Vermont</subfield><subfield code="z">Barre.</subfield><subfield code="2">fast</subfield><subfield code="0">(OCoLC)fst01214453</subfield></datafield><datafield ind1=" " ind2="7" tag="651"><subfield code="a">Vermont</subfield><subfield code="z">Montpelier.</subfield><subfield code="2">fast</subfield><subfield code="0">(OCoLC)fst01208013</subfield></datafield><datafield ind1=" " ind2="7" tag="655"><subfield code="a">Newspapers.</subfield><subfield code="2">fast</subfield><subfield code="0">(OCoLC)fst01423814</subfield></datafield><datafield ind1=" " ind2=" " tag="752"><subfield code="a">United States</subfield><subfield code="b">Vermont</subfield><subfield code="c">Washington</subfield><subfield code="d">Barre.</subfield></datafield><datafield ind1=" " ind2=" " tag="752"><subfield code="a">United States</subfield><subfield code="b">Vermont</subfield><subfield code="c">Washington</subfield><subfield code="d">Montpelier.</subfield></datafield><datafield ind1="1" ind2="4" tag="780"><subfield code="t">Montpelier evening Argus</subfield><subfield code="w">(OCoLC)13780703</subfield></datafield><datafield ind1="1" ind2="4" tag="780"><subfield code="t">Barre daily times</subfield><subfield code="w">(OCoLC)24575362</subfield></datafield></record>